<collection xmlns="http://www.loc.gov/MARC21/slim">
<record>
  <leader>01419nam0a22002651i 450 </leader>
  <controlfield tag="001">IT\ICCU\CNCE\061767</controlfield>
  <controlfield tag="005">20051010000000.0</controlfield>
  <datafield tag="012" ind1=" " ind2=" ">
    <subfield code="a">i-ur doi- o.ti PHVs (3) 1599 (A)</subfield>
    <subfield code="2">fei</subfield>
  </datafield>
  <datafield tag="100" ind1=" " ind2=" ">
    <subfield code="a">20051010d1599        0itac0103    ba</subfield>
  </datafield>
  <datafield tag="101" ind1=" " ind2=" ">
    <subfield code="a">LAT</subfield>
  </datafield>
  <datafield tag="102" ind1=" " ind2=" ">
    <subfield code="a">IT</subfield>
  </datafield>
  <datafield tag="200" ind1="1" ind2=" ">
    <subfield code="a">Orazio in funere Philippi 2. Austriaci potentissimi, Hispaniarum Indiarum acutriusque Siciliae regis catholici, habita a fr. Ferdinando Davila ... episcopo Asculano. In archiepisc. ecclesia Neapolitana kal. Februarij. 1599</subfield>
  </datafield>
  <datafield tag="210" ind1=" " ind2=" ">
    <subfield code="a">Neapoli</subfield>
    <subfield code="c">apud Paulum Venturinum</subfield>
    <subfield code="c">typis Io. Iacobi Carlini</subfield>
    <subfield code="d">&amp; Antonij Pacis</subfield>
    <subfield code="d">1599</subfield>
  </datafield>
  <datafield tag="215" ind1=" " ind2=" ">
    <subfield code="a">66, \2! p., \1! c. di tav.</subfield>
    <subfield code="c">ill. calcogr.</subfield>
    <subfield code="d"></subfield>
  </datafield>
  <datafield tag="300" ind1=" " ind2=" ">
    <subfield code="a"></subfield>
  </datafield>
  <datafield tag="620" ind1=" " ind2=" ">
    <subfield code="a">IT</subfield>
    <subfield code="d">Napoli</subfield>
  </datafield>
  <datafield tag="700" ind1=" " ind2="1">
    <subfield code="a">Davila,</subfield>
    <subfield code="b">Ferdinando</subfield>
    <subfield code="3">IT\ICCU\CNCA\004633</subfield>
  </datafield>
  <datafield tag="712" ind1="0" ind2="0">
    <subfield code="a">Venturino, Paolo</subfield>
    <subfield code="3">IT\ICCU\CNCT\001736</subfield>
    <subfield code="4">650</subfield>
  </datafield>
  <datafield tag="712" ind1="0" ind2="0">
    <subfield code="a">Carlino, Giovanni Giacomo &amp; Pace, Antonio</subfield>
    <subfield code="3">IT\ICCU\CNCT\000320</subfield>
    <subfield code="4">650</subfield>
  </datafield>
  <datafield tag="790" ind1=" " ind2="1">
    <subfield code="a">Avila,</subfield>
    <subfield code="b">Fernando : de</subfield>
    <subfield code="3">IT\ICCU\CNCA\011489</subfield>
    <subfield code="z">Davila, Ferdinando</subfield>
  </datafield>
  <datafield tag="790" ind1=" " ind2="1">
    <subfield code="a">De_Avila,</subfield>
    <subfield code="b">Ferdinandus</subfield>
    <subfield code="3">IT\ICCU\CNCA\015289</subfield>
    <subfield code="z">Davila, Ferdinando</subfield>
  </datafield>
  <datafield tag="791" ind1="0" ind2="0">
    <subfield code="a">Venturini, Paolo</subfield>
    <subfield code="3">IT\ICCU\CNCT\005867</subfield>
    <subfield code="z">Venturino, Paolo</subfield>
  </datafield>
  <datafield tag="791" ind1="0" ind2="0">
    <subfield code="a">Venturinus, Paulus</subfield>
    <subfield code="3">IT\ICCU\CNCT\005868</subfield>
    <subfield code="z">Venturino, Paolo</subfield>
  </datafield>
  <datafield tag="801" ind1=" " ind2="3">
    <subfield code="a">IT</subfield>
    <subfield code="b">ICCU</subfield>
    <subfield code="c">20201115</subfield>
  </datafield>
  <datafield tag="899" ind1=" " ind2=" ">
    <subfield code="a">Biblioteca universitaria Alessandrina. Roma</subfield>
    <subfield code="1">RM0280</subfield>
    <subfield code="2">RML 01</subfield>
  </datafield>
</record>
</collection>
